@book{designing-and-evaluating-reusable-components,
	title = {{Designing and Evaluating Reusable Components}},
	url = {https://www.youtube.com/watch?v=ZQ5_u8Lgvyk},
	author = {Casey Muratori},
	year = {2004}
}

@book{immediate-mode-gui,
	title = {{Immediate-mode graphical user interfaces}},
	url = {https://caseymuratori.com/blog_0001},
	author = {Casey Muratori},
	year = {2005}
}

@book{five-second-stall,
	title = {{Finding and fixing a five-second stall}},
	url = {https://caseymuratori.com/blog_0006},
	author = {Casey Muratori},
	year = {2012},
	month = {Dec}
}

@book{semantic-compression,
	title = {{Semantic compression}},
	url = {https://caseymuratori.com/blog_0015},
	author = {Casey Muratori},
	year = {2014},
	month = {May}
}

@book{complexity-and-granularity,
	title = {{Complexity and granularity}},
	url = {https://caseymuratori.com/blog_0016},
	author = {Casey Muratori},
	year = {2014},
	month = {Jun}
}

@book{thirty-million-line-problem,
	title = {{The Thirty Million Line Problem}},
	url = {https://www.youtube.com/watch?v=kZRE7HIO3vk},
	author = {Casey Muratori},
	year = {2018},
	month = {May}
}

@book{twitter-and-visual-studio-rant,
	title = {{Twitter and Visual Studio Rant}},
	url = {https://www.youtube.com/watch?v=GC-0tCy4P1U},
	author = {Casey Muratori},
	year = {2020},
	month = {Apr}
}

@book{how-fast-should-an-unoptimised-terminal-run,
	title = {{How fast should an unoptimised terminal run?}},
	url = {https://www.youtube.com/watch?v=hxM8QmyZXtg},
	author = {Casey Muratori},
	year = {2021},
	month = {Jul}
}

@book{simple-code-high-performance,
	title = {{Simple Code, High Performance}},
	url = {https://www.youtube.com/watch?v=Ge3aKEmZcqY},
	author = {Casey Muratori},
	year = {2021},
	month = {Oct}
}

@book{where-does-bad-code-come-from,
	title = {{Where Does Bad Code From From?}},
	url = {https://www.youtube.com/watch?v=7YpFGkG-u1w},
	author = {Casey Muratori},
	year = {2021},
	month = {Nov}
}

@book{the-only-unbreakable-law,
	title = {{The Only Unbreakable Law}},
	url = {https://www.youtube.com/watch?v=5IUj1EZwpJY},
	author = {Casey Muratori},
	year = {2022},
	month = {Mar}
}

@book{augmentating-human-intellect,
	title = {{Augmenting Human Intellect: A Conceptual Framework}},
	url = {https://www.dougengelbart.org/pubs/augment-3906.html},
	author = {Douglas C. Engelbart},
	year = {1962},
	month = {Oct}
}

@book{mother-of-all-demos,
	title = {{Mother of All Demos}},
	url = {https://www.youtube.com/watch?v=M5PgQS3ZBWA},
	author = {SRI International},
	year = {1968},
	month = {Dec}
}

@book{augmentation-of-douglas-engelbart,
	title = {{The Augmentation of Douglas Engelbart}},
	url = {https://www.youtube.com/watch?v=_7ZtISeGyCY},
	author = {Silveira Brothers},
	year = {2020},
	month = {Aug}
}

@book{written-for-eyes,
	title = {{Written for eyes}},
	url = {https://aprescott.com/posts/written-for-eyes},
	author = {Adam Prescott},
	year = {2013},
	month = {Aug}
}

@book{the-future-of-programming,
	title = {{The Future of Programming}},
	url = {http://worrydream.com/dbx/},
	author = {Bret Victor},
	year = {2013},
	month = {Jul}
}

@book{a-few-words-on-doug-engelbart,
	title = {{A few words on Doug Engelbart}},
	url = {http://worrydream.com/Engelbart/},
	author = {Bret Victor},
	year = {2013},
	month = {Jul}
}

@book{inventing-on-principle,
	title = {{Inventing on Principle}},
	url = {https://www.youtube.com/watch?v=EGqwXt90ZqA},
	author = {Bret Victor},
	year = {2012},
	month = {Jan}
}

@book{100-rabbits,
	title = {{100R}},
	author = {Rek and Devine},
	url = {https://100r.co/site/home.html}
}

@book{xxiivv,
	title = {{XXIIVV}},
	url = {https://wiki.xxiivv.com/site/home.html}
}

@book{plan-9,
	title = {{Plan 9 from Bell Labs}},
	url = {https://plan9.io/plan9/}
}

@book{understandable-computers,
	title = {{Using "Understandable Computers" to make computers understandable}},
	author = {Paul Gardner-Stephen},
	url = {https://www.youtube.com/watch?v=2H2mh8wLXco},
	year = {2015},
	month = {Nov}
}

@book{megawat,
	title = {{MegaWAT!?}},
	author = {Paul Gardner-Stephen and LAK132},
	url = {https://github.com/MEGA65/MegaWAT},
	year = {2018}
}

@book{fpga-based-mobile-phone,
	title = {{FPGA based mobile phone: Creating a truly open and trustable mobile communications device}},
	author = {Paul Gardner-Stephen},
	url = {https://www.youtube.com/watch?v=KuNB4ocZDXA},
	year = {2019},
	month = {Jan}
}

@book{can-a-machine-design,
	title = {{Can a Machine Design}},
	author = {Nigel Cross},
	year = {2001}
}

@book{the-tragedy-of-systemd,
	title = {{The Tragedy of systemd}},
	author = {Benno Rice},
	url = {https://www.youtube.com/watch?v=o_AIw9bGogo},
	year = {2019},
	month = {Jan}
}

@book{the-unix-operating-system,
	title = {{The UNIX System: Making Computers More Productive}},
	author = {Bell Laboratories},
	url = {https://www.youtube.com/watch?v=tc4ROCJYbm0},
	year = {1982}
}

@book{what-unix-cost-us,
	title = {{What UNIX Cost Us}},
	author = {Benno Rice},
	url = {https://www.youtube.com/watch?v=9-IWMbJXoLM},
	year = {2020},
	month = {Jan}
}
